@book{sipser2012introduction,
  title={Introduction to the Theory of Computation},
  author={Sipser, Michael},
  year={2012},
  publisher={Cengage Learning}
}

@book{arora2009computational,
  title={Computational complexity: a modern approach},
  author={Arora, Sanjeev and Barak, Boaz},
  year={2009},
  publisher={Cambridge University Press}
}

@inproceedings{goldreich2000computational,
  title={Computational complexity},
  author={Goldreich, Oded},
  booktitle={In The Princeton Companion},
  year={2000},
  organization={Citeseer}
}

@article{savage1998models,
  title={Models of computation},
  author={Savage, John E},
  journal={Exploring the Power of Computing},
  year={1998}
}

@book{lewis1997elements,
  title={Elements of the Theory of Computation},
  author={Lewis, Harry R and Papadimitriou, Christos H},
  year={1997},
  publisher={Prentice Hall PTR}
}

@article{beyondNP,
  title={The status of the P versus NP problem},
  author={Fortnow, Lance},
  journal={Communications of the ACM},
  volume={52},
  number={9},
  pages={78--86},
  year={2009},
  publisher={ACM}
}

@article{turing1936computable,
  title={On computable numbers, with an application to the Entscheidungsproblem},
  author={Turing, Alan Mathison},
  journal={J. of Math},
  volume={58},
  pages={345--363},
  year={1936}
}

@inproceedings{natural,
  title={Natural proofs},
  author={Razborov, Alexander A and Rudich, Steven},
  booktitle={Proceedings of the twenty-sixth annual ACM symposium on Theory of computing},
  pages={204--213},
  year={1994},
  organization={ACM}
}

@article{RW1,
  title={Improving exhaustive search implies superpolynomial lower bounds},
  author={Williams, Ryan},
  journal={SIAM Journal on Computing},
  volume={42},
  number={3},
  pages={1218--1244},
  year={2013},
  publisher={SIAM}
}

@article{RW2,
  title={Nonuniform ACC circuit lower bounds},
  author={Williams, Ryan},
  journal={Journal of the ACM (JACM)},
  volume={61},
  number={1},
  pages={2},
  year={2014},
  publisher={ACM}
}

@article{shannon1949synthesis,
  title={The Synthesis of Two-Terminal Switching Circuits},
  author={Shannon, Claude and others},
  journal={Bell System Technical Journal},
  volume={28},
  number={1},
  pages={59--98},
  year={1949},
  publisher={Wiley Online Library}
}

@article{lupanov1958method,
  title={A method of circuit synthesis},
  author={Lupanov, Oleg B},
  journal={Izvestia vuz Radio zike},
  volume={1},
  pages={120--140},
  year={1958}
}

@article{frandsen2005reviewing,
  title={Reviewing bounds on the circuit size of the hardest functions},
  author={Frandsen, Gudmund Skovbjerg and Miltersen, Peter Bro},
  journal={Information Processing Letters},
  volume={95},
  number={2},
  pages={354--357},
  year={2005},
  publisher={Elsevier}
}

@article{karp1982turing,
  title={Turing machines that take advice},
  author={Karp, Richard M and Lipton, Richard},
  journal={Enseign. Math},
  volume={28},
  number={2},
  pages={191--209},
  year={1982}
}

@article{hartmanis1965computational,
  title={On the computational complexity of algorithms},
  author={Hartmanis, Juris and Stearns, Richard E},
  journal={Transactions of the American Mathematical Society},
  pages={285--306},
  year={1965},
  publisher={JSTOR}
}

@article{edmonds1965paths,
  title={Paths, trees, and flowers},
  author={Edmonds, Jack},
  journal={Canadian Journal of mathematics},
  volume={17},
  number={3},
  pages={449--467},
  year={1965}
}

@article{hennie1966two,
  title={Two-tape simulation of multitape Turing machines},
  author={Hennie, Fred C and Stearns, Richard Edwin},
  journal={Journal of the ACM (JACM)},
  volume={13},
  number={4},
  pages={533--546},
  year={1966},
  publisher={ACM}
}

@inproceedings{cook1971complexity,
  title={The complexity of theorem-proving procedures},
  author={Cook, Stephen A},
  booktitle={Proceedings of the third annual ACM symposium on Theory of computing},
  pages={151--158},
  year={1971},
  organization={ACM}
}

@article{levin1973universal,
  title={Universal sequential search problems},
  author={Levin, Leonid A},
  journal={Problemy Peredachi Informatsii},
  volume={9},
  number={3},
  pages={115--116},
  year={1973},
  publisher={Russian Academy of Sciences, Branch of Informatics, Computer Equipment and Automatization}
}

@book{karp1972reducibility,
  title={Reducibility among combinatorial problems},
  author={Karp, Richard M},
  year={1972},
  publisher={Springer}
}

@book{garey2002computers,
  title={Computers and intractability},
  author={Garey, Michael R and Johnson, David S},
  volume={29},
  year={2002},
  publisher={wh freeman}
}

@article{ben1990collective,
  title={Collective coin flipping},
  author={Ben-Or, Michael and Linial, Nathan},
  journal={randomness and computation},
  volume={5},
  pages={91--115},
  year={1990}
}

@book{o2014analysis,
  title={Analysis of boolean functions},
  author={O'Donnell, Ryan},
  year={2014},
  publisher={Cambridge University Press}
}

@article{cook1973hierarchy,
  title={A hierarchy for nondeterministic time complexity},
  author={Cook, Stephen A},
  journal={Journal of Computer and System Sciences},
  volume={7},
  number={4},
  pages={343--353},
  year={1973},
  publisher={Academic Press}
}
